@article{zhang2019mirror,
  title={Mirror Descent and Online Learning},
  author={Zhang, Fred},
  year={2019}
}

@inproceedings{krichene2015accelerated,
  title={Accelerated mirror descent in continuous and discrete time},
  author={Krichene, Walid and Bayen, Alexandre and Bartlett, Peter L},
  booktitle={Advances in neural information processing systems},
  pages={2845--2853},
  year={2015}
}

@article{harvey2018machine,
  title={Machine Learning Theory Lecture 20: Mirror Descent},
  author={Harvey, Nicholas},
  year={2018}
}

@inproceedings{xu2018accelerated,
  title={Accelerated stochastic mirror descent: From continuous-time dynamics to discrete-time algorithms},
  author={Xu, Pan and Wang, Tianhao and Gu, Quanquan},
  booktitle={International Conference on Artificial Intelligence and Statistics},
  pages={1087--1096},
  year={2018}
}

@article{allen2014linear,
  title={Linear coupling: An ultimate unification of gradient and mirror descent},
  author={Allen-Zhu, Zeyuan and Orecchia, Lorenzo},
  journal={arXiv preprint arXiv:1407.1537},
  year={2014}
}

@inproceedings{su2014differential,
  title={A differential equation for modeling Nesterovâ€™s accelerated gradient method: Theory and insights},
  author={Su, Weijie and Boyd, Stephen and Candes, Emmanuel},
  booktitle={Advances in neural information processing systems},
  pages={2510--2518},
  year={2014}
}